<?xml version="1.0" encoding="UTF-8"?><collection xmlns="http://www.loc.gov/MARC21/slim"><record><leader>00353nam--2200133-i-4500</leader><controlfield tag="001">000023402</controlfield><controlfield tag="002">20161230</controlfield><controlfield tag="005">20161230201035</controlfield><controlfield tag="008">060222s1000------------r-----000-0-eng-d</controlfield><datafield ind1=" " ind2=" " tag="080"><subfield code="a">543:663.6</subfield></datafield><datafield ind1=" " ind2=" " tag="100"><subfield code="a">Ghimicescu, George Si Hancu, Iancu</subfield></datafield><datafield ind1=" " ind2=" " tag="245"><subfield code="a">Chimia si controlul poluarii apei</subfield></datafield><datafield ind1=" " ind2=" " tag="260"><subfield code="a">Bucuresti, Editura Tehnica, 1974, 171p</subfield></datafield><datafield ind1=" " ind2=" " tag="852"><subfield code="a">41430</subfield></datafield></record></collection>